<record><leader>01706cam a2200409 i 45 0</leader><controlfield tag="001">6815690</controlfield><controlfield tag="003">CaOOAMICUS</controlfield><controlfield tag="005">20141120153926.0</controlfield><controlfield tag="008">141120s2015    quc      b    001 0 eng  </controlfield><datafield ind1=" " ind2=" " tag="016"><subfield code="a">20149075804</subfield></datafield><datafield ind1=" " ind2=" " tag="020"><subfield code="a">9780773544819 (bound)</subfield></datafield><datafield ind1=" " ind2=" " tag="035"><subfield code="a">ocn895338359</subfield></datafield><datafield ind1=" " ind2=" " tag="040"><subfield code="a">CaOONL</subfield><subfield code="b">eng</subfield><subfield code="e">rda</subfield><subfield code="c">CaOONL</subfield><subfield code="d">AGPC</subfield></datafield><datafield ind1=" " ind2=" " tag="043"><subfield code="a">n-cn---</subfield></datafield><datafield ind1=" " ind2="0" tag="055"><subfield code="a">FC640</subfield><subfield code="b">J44 2015</subfield></datafield><datafield ind1="0" ind2=" " tag="082"><subfield code="a">971.07/3</subfield><subfield code="2">23</subfield></datafield><datafield ind1=" " ind2=" " tag="090"><subfield code="a">FC 640 J44 2015</subfield><subfield code="b">AGPC</subfield></datafield><datafield ind1=" " ind2=" " tag="090"><subfield code="a">FC 640 J44 2015</subfield><subfield code="b">AEU</subfield></datafield><datafield ind1=" " ind2=" " tag="090"><subfield code="a">FC640 .J44 2015</subfield><subfield code="b">AEGMCT</subfield></datafield><datafield ind1="1" ind2=" " tag="100"><subfield code="a">Jeffrey, Brooke,</subfield><subfield code="e">author.</subfield></datafield><datafield ind1="1" ind2="0" tag="245"><subfield code="a">Dismantling Canada :</subfield><subfield code="b">Stephen Harper's new conservative agenda /</subfield><subfield code="c">Brooke Jeffrey.</subfield></datafield><datafield ind1=" " ind2="1" tag="264"><subfield code="a">Montreal :</subfield><subfield code="b">McGill-Queen's University Press,</subfield><subfield code="c">2015.</subfield></datafield><datafield ind1=" " ind2=" " tag="300"><subfield code="a">x, 417 pages ;</subfield><subfield code="c">24 cm</subfield></datafield><datafield ind1=" " ind2=" " tag="336"><subfield code="a">text</subfield><subfield code="b">txt</subfield><subfield code="2">rdacontent</subfield></datafield><datafield ind1=" " ind2=" " tag="337"><subfield code="a">unmediated</subfield><subfield code="b">n</subfield><subfield code="2">rdamedia</subfield></datafield><datafield ind1=" " ind2=" " tag="338"><subfield code="a">volume</subfield><subfield code="b">nc</subfield><subfield code="2">rdacarrier</subfield></datafield><datafield ind1=" " ind2=" " tag="504"><subfield code="a">Includes bibliographical references and index.</subfield></datafield><datafield ind1=" " ind2=" " tag="530"><subfield code="a">Issued also in electronic format.</subfield></datafield><datafield ind1=" " ind2=" " tag="596"><subfield code="a">28 29 43</subfield></datafield><datafield ind1="1" ind2="0" tag="600"><subfield code="a">Harper, Stephen,</subfield><subfield code="d">1959-</subfield></datafield><datafield ind1="2" ind2="0" tag="610"><subfield code="a">Conservative Party of Canada.</subfield></datafield><datafield ind1=" " ind2="0" tag="650"><subfield code="a">Conservatism</subfield><subfield code="z">Canada.</subfield></datafield><datafield ind1=" " ind2="5" tag="651"><subfield code="a">Canada</subfield><subfield code="x">Politics and government</subfield><subfield code="y">2006-</subfield></datafield><datafield ind1="1" ind2=" " tag="776"><subfield code="a">Jeffrey, Brooke, author.</subfield><subfield code="t">Dismantling Canada.</subfield><subfield code="d">Montreal : McGill-Queen's University Press, 2015.</subfield><subfield code="w">(CaOONL)20149075812</subfield></datafield><datafield ind1=" " ind2=" " tag="926"><subfield code="a">FC 640 J44 2015</subfield><subfield code="w">LC</subfield><subfield code="c">1</subfield><subfield code="i">31847001275053</subfield><subfield code="d">4/12/2016</subfield><subfield code="e">3/29/2016</subfield><subfield code="l">ON_SHELF</subfield><subfield code="m">GPRC_GP</subfield><subfield code="n">8</subfield><subfield code="p">$150.00</subfield><subfield code="r">Y</subfield><subfield code="s">Y</subfield><subfield code="t">BOOK</subfield><subfield code="u">3/4/2015</subfield></datafield><datafield ind1=" " ind2=" " tag="926"><subfield code="a">FC 640 J44 2015</subfield><subfield code="w">LC</subfield><subfield code="c">1</subfield><subfield code="i">0162035316585</subfield><subfield code="d">5/18/2016</subfield><subfield code="e">4/24/2016</subfield><subfield code="l">ON_SHELF</subfield><subfield code="m">UAHSS</subfield><subfield code="n">6</subfield><subfield code="p">$150.00</subfield><subfield code="r">Y</subfield><subfield code="s">Y</subfield><subfield code="t">BOOK</subfield><subfield code="u">7/8/2015</subfield><subfield code="z">COUTTS_ADD</subfield></datafield><datafield ind1=" " ind2=" " tag="926"><subfield code="a">FC640 .J44 2015</subfield><subfield code="w">LC</subfield><subfield code="c">1</subfield><subfield code="i">1007777442</subfield><subfield code="d">11/18/2015</subfield><subfield code="e">11/6/2015</subfield><subfield code="l">ON_SHELF</subfield><subfield code="m">GR_MACEWAN</subfield><subfield code="n">5</subfield><subfield code="p">$30.76</subfield><subfield code="r">Y</subfield><subfield code="s">Y</subfield><subfield code="t">BOOK</subfield><subfield code="u">7/21/2015</subfield></datafield></record>